<?xml version="1.0" encoding="UTF-8"?><record xmlns="http://www.loc.gov/MARC21/slim" xmlns:cinclude="http://apache.org/cocoon/include/1.0" xmlns:zs="http://www.loc.gov/zing/srw/">
  <leader>00581cz  a2200169n  4500</leader>
  <controlfield tag="001">no2008047116</controlfield>
  <controlfield tag="003">DLC</controlfield>
  <controlfield tag="005">20080911075947.0</controlfield>
  <controlfield tag="008">080313n| acannaabn          |a aaa     c</controlfield>
  <datafield tag="010" ind1=" " ind2=" ">
    <subfield code="a">no2008047116</subfield>
  </datafield>
  <datafield tag="035" ind1=" " ind2=" ">
    <subfield code="a">(OCoLC)oca07717319</subfield>
  </datafield>
  <datafield tag="040" ind1=" " ind2=" ">
    <subfield code="a">CU-RivAV</subfield>
    <subfield code="b">eng</subfield>
    <subfield code="c">CU-RivAV</subfield>
    <subfield code="d">CU-RivAV</subfield>
  </datafield>
  <datafield tag="100" ind1="1" ind2=" ">
    <subfield code="a">Sashida, Eiji</subfield>
  </datafield>
  <datafield tag="400" ind1="1" ind2=" ">
    <subfield code="a">Sashita, Eiji</subfield>
  </datafield>
  <datafield tag="670" ind1=" " ind2=" ">
    <subfield code="a">The Big O, c2000:</subfield>
    <subfield code="b">credits (Eiji Sashita, producer)</subfield>
  </datafield>
  <datafield tag="670" ind1=" " ind2=" ">
    <subfield code="a">Anime News Network, Aug, 5, 2008</subfield>
    <subfield code="b">(Eiji Sashida, producer)</subfield>
  </datafield>
  <datafield tag="670" ind1=" " ind2=" ">
    <subfield code="a">Email from Sunrise, inc., Jun. 16, 2008</subfield>
    <subfield code="b">(Same person as Eiji Sashita; preferred spelling Sashida)</subfield>
  </datafield>
</record>